@incollection{bottou2010large,
  title={Large-scale machine learning with stochastic gradient descent},
  author={Bottou, L{\'e}on},
  booktitle={Proceedings of COMPSTAT'2010},
  pages={177--186},
  year={2010},
  publisher={Springer}
}

@incollection{bottou2012stochastic,
  title={Stochastic gradient descent tricks},
  author={Bottou, L{\'e}on},
  booktitle={Neural networks: Tricks of the trade},
  pages={421--436},
  year={2012},
  publisher={Springer}
}

@book{boyd2004convex,
  title={Convex optimization},
  author={Boyd, Stephen and Vandenberghe, Lieven},
  year={2004},
  publisher={Cambridge university press}
}

@inproceedings{zinkevich2010parallelized,
  title={Parallelized stochastic gradient descent},
  author={Zinkevich, Martin and Weimer, Markus and Li, Lihong and Smola, Alex J},
  booktitle={Advances in neural information processing systems},
  pages={2595--2603},
  year={2010}
}

@inproceedings{dal2015calibrating,
  title={Calibrating probability with undersampling for unbalanced classification},
  author={Dal Pozzolo, Andrea and Caelen, Olivier and Johnson, Reid A and Bontempi, Gianluca},
  booktitle={Computational Intelligence, 2015 IEEE Symposium Series on},
  pages={159--166},
  year={2015},
  organization={IEEE}
}
